@software{robert_l_read_2020_4079170,
  author       = {Robert L. Read and
                  Lauria Clarke and
                  Darío Hereñú and
                  Geoff Mulligan},
  title        = {{PubInv/ventmon-ventilator-inline-test-monitor:
                   v0.3T - Ventmon Tester 0.3}},
  month        = oct,
  year         = 2020,
  publisher    = {Zenodo},
  version      = {v0.3T},
  doi          = {10.5281/zenodo.4079170},
  url          = {https://doi.org/10.5281/zenodo.4079170}
}

@misc{COVID19VENTLIST,
  author = {Robert L. Read and
    Avinash Baskaran and
    Enrique Villacres and
    Keeshan Patel},
  title = {COVID-19 Vent List},
  month        = oct,
  year         = 2020,
  url = {https://docs.google.com/spreadsheets/d/1inYw5H4RiL0AC_J9vPWzJxXCdlkMLPBRdPgEVKF8DZw/edit#gid=0}
  }

https://www.ipk.fraunhofer.de/en/media-news/media-information/20201217-can-open-source-hardware-save-lives.html

@misc{Fraunhofer2020,
  author = {Sonika Gogineni and Cansu Tanrikulu and Erik Paul Konietzko and Kai Lindow and Robert L. Read},
  title = {OPEN.Effect: Effectiveness of Open-Source Hardware in Times of a Pandemic},
  month        = dec,
  year         = 2020,
  url = {https://www.ipk.fraunhofer.de/en/media-news/media-information/20201217-can-open-source-hardware-save-lives.html}
  }

@misc{ARMEE,
  url = {https://armeevent.com/},
  title = {Millions of Ventilators},
    month        = oct,
    year         = 2020,
}
@misc{beatmung,
  url = {https://www.xn--diy-beatmungsgert-5qb.de/},
  title = {{WILLKOMMEN BEIM PROJEKT DIY-BEATMUNGSGERÄT}},
    month        = oct,
    year         = 2020,
  }

@misc{polyvent,
  url = {https://www.polyvent.org/},
  title = {{Welcome To Project PolyVent}},
    month        = oct,
    year         = 2020,
  }


@misc{VentMon02,
  url = {https://doi.org/10.5281/zenodo.4291147},
  author       = {Robert L. Read},
  title        = {{VentMon T0.2 Firmware Release}},
  month        = aug,
  year         = 2020,
  version      = {T0.2},
  doi = {10.5281/zenodo.4291147}
}



@misc{VentDisplay,
  url = {http://doi.org/10.5281/zenodo.4079355},
  author       = {Robert L. Read},
  title        = {{VentDisplay v0.3T Release}},
  month        = aug,
  year         = 2020,
  version      = {v0.3T},
  doi = {10.5281/zenodo.4079374}
}
@misc{SFM3X00,
  url = {http:https://github.com/PubInv/SFM3X00},
  author       = {Lauria Clarke},
  title        = {{Sensirion SFM3200 and SFM3400 library for Arduino}},
  month        = nov,
  year         = 2020,
}


@misc{PIRDS,
  url = {http://doi.org/10.5281/zenodo.4079355},
  author       = {Robert L. Read},
  title        = {{Public Invention Respiration Data Standard}},
  month        = aug,
  year         = 2020,
  version      = {v0.1},
  doi = {10.5281/zenodo.4079355}
}

@misc{PIRDSlogger,
  url = {https://doi.org/10.5281/zenodo.4079382},
  author       = {Robert L. Read},
  title        = {{PIRDS Data Logger}},
  month        = aug,
  year         = 2020,
  version      = {v0.1},
  doi = {10.5281/zenodo.4079382}
}


@misc{ecosystem,
  url = {https://makezine.com/2020/09/21/the-pandemic-inspired-case-for-an-open-source-medical-hardware-ecosystem/},
  author       = {Read, Robert L. and Roden, Mark and Qaddoumi, Burhan and Forgues, Angela, and Jaqua, Victoria F.},
  title        = {The Pandemic-inspired Case for an Open-Source Medical Hardware Ecosystem{VentDisplay v0.3T Release}},
  month        = sep,
  year         = 2020,
  publisher = {Make: Community}
}


@article{rehm2018development,
  title={Development of a research-oriented system for collecting mechanical ventilator waveform data},
  author={Rehm, Gregory B. and Kuhn, Brooks T. and Delplanque, Jean-Pierre and Guo, Edward C. and Lieng, Monica K. and Nguyen, Jimmy and Anderson, Nicholas R. and Adams, Jason Y.},
  journal={Journal of the American Medical Informatics Association},
  volume={25},
  number={3},
  pages={295--299},
  year={2018},
  publisher={Oxford University Press}
}

@article{schulz2020importance,
  title={The importance of characterising dynamic response and inertia in potential rapidly manufactured ventilator systems},
  author={Schulz, Erich B. and Read, Robert L.},
  journal={Anaesthesia},
  year={2020},
  month={July},
  publisher={Wiley-Blackwell},
  doi={10.1111/anae.15190},
}

@misc{mhra2020specification,
  title={Specification for ventilators to be used in UK hospitals during the coronavirus (COVID-19) outbreak},
  author={MHRA, UK},
  year={2020}
}

@misc{ventmonpcb,
  url = {https://github.com/PubInv/ventmon-ventilator-inline-test-monitor/tree/master/design/pcb},
  author       = {Lauria Clarke},
  title        = {{VentMon v0.3T PCB}},
  month        = aug,
  year         = 2020,
  version      = {v0.3T}
}

@article{pearce2020review,
  title={A review of open source ventilators for COVID-19 and future pandemics},
  author={Pearce, Joshua M},
  journal={F1000Research},
  volume={9},
  year={2020},
  publisher={Faculty of 1000 Ltd}
}

@misc{particleefw,
  url = {hhttps://github.com/particle-iot/ethernet-wing},
  title        = {{Hardware design files for the Particle Ethernet Wing}},
  month        = Nov,
  year         = 2020
}


@article{lai2020emergency,
  title={Emergency open-source three-dimensional printable ventilator circuit splitter and flow regulator during the COVID-19 pandemic},
  author={Lai, Bryan K and Erian, Jennifer L and Pew, Scott H and Eckmann, Maxim S},
  journal={Anesthesiology: The Journal of the American Society of Anesthesiologists},
  year={2020}
}

@article{petsiuk2020partially,
  title={Partially RepRapable automated open source bag valve mask-based ventilator},
  author={Petsiuk, Aliaksei and Tanikella, Nagendra G and Dertinger, Samantha and Pringle, Adam and Oberloier, Shane and Pearce, Joshua M},
  journal={HardwareX},
  volume={8},
  pages={e00131},
  year={2020},
  publisher={Elsevier}
}

@article{garmendia2020low,
  title={Low-cost, easy-to-build noninvasive pressure support ventilator for under-resourced regions: open source hardware description, performance and feasibility testing},
  author={Garmendia, Onintza and Rodr{\'\i}guez-Lazaro, Miguel A and Otero, Jorge and Phan, Phuong and Stoyanova, Alexandrina and Dinh-Xuan, Anh Tuan and Gozal, David and Navajas, Daniel and Montserrat, Josep M and Farr{\'e}, Ramon},
  journal={European Respiratory Journal},
  volume={55},
  number={6},
  year={2020},
  publisher={Eur Respiratory Soc}
}

@article{zuckerberg2020lung,
  title={A lung for all: Novel mechanical ventilator for emergency and low-resource settings},
  author={Zuckerberg, Jeremy and Shaik, Mohammed and Widmeier, Keith and Kilbaugh, Todd and Nelin, Timothy D},
  journal={Life sciences},
  volume={257},
  pages={118113},
  year={2020},
  publisher={Elsevier}
}

@article{galbiati2020mechanical,
  title={Mechanical Ventilator Milano (MVM): A Novel Mechanical Ventilator Designed for Mass Scale Production in Response to the COVID-19 Pandemics},
  author={Galbiati, C and Bonivento, W and Caravati, M and De Cecco, S and Dinon, T and Fiorillo, G and Franco, D and Gabriele, F and Kendziora, CL and Kochanek, I and others},
  journal={arXiv preprint arXiv:2003.10405},
  year={2020}
}